@Comment А вот так оформляется библиография при помощи BibTeX.

@Book{Pup09,
  author =		 {Василий Пупкин and Эйнштейн, А.},
  title = 		 {\LaTeX для <<чайников>>},
  publisher = 	 {М.},
  pagetotal = {299},
  year = 		 {2009},
  language =     "russian"
}

@online{wiki:latex,
  author = {Wikipedia},
  title = {Типографика "--- Википедия},
  year = {2012},
  url = {https://ru.wikipedia.org/wiki/%D0%A2%D0%B8%D0%BF%D0%BE%D0%B3%D1%80%D0%B0%D1%84%D0%B8%D0%BA%D0%B0},
  urldate = {25.01.2012},
  language =     "russian"
}

